@article{arif2009object,
  title={OBJECT CLASSIFICATION VIA GEOMETRICAL, ZERNIKE AND LEGENDRE MOMENTS.},
  author={Arif, Thawar and Shaaban, Zyad and Krekor, Lala and Baba, Sami},
  journal={Journal of Theoretical \& Applied Information Technology},
  volume={6},
  number={3},
  year={2009},
  publisher={Citeseer}
}